@phdthesis{dorigo-thesis,
	author = "Dorigo, M.",
	title = "{Optimization, Learning and Natural Algorithms}",
	school = "Politecnico di Milano, Italy",
	year = "1992"
}

@article{ant-algorithms-dorigo,
	author = "Dorigo, M. and Di Caro, G.",
	title = "{Ant Algorithms for Discrete Optimization}",
	journal  = "Artificial Life",
	volume = "5",
	issue = "2",
	pages = "137-172",
	year = "1999"
}

@conference{bioinspired-systems-paper,
	author = "Sanchez, E., Mange, D., Sipper, M., Tomassini, M., Perez-Uribe, A., Stauffer, A.",
	title = "Phylogeny, ontogeny, and epigenesis: Three sources of biological inspiration for softening hardware",
	booktitle = "1st International Conference on Evolvable Systems, ICES",
	year = "1996"
}

@article{bioinspired-systems-article,
	author = "Sanchez, E., Mange, D., Sipper, M., Tomassini, M., Perez-Uribe, A., Stauffer, A.",
	title = "A phylogenetic, ontogenetic, and epigenetic view of bio-inspired hardware systems",
	journal = "IEEE",
	year = "1997"
}

@misc{scopus-bioinspired,
	title = "{Gr√°fico de publicaciones de algoritmos socioinspirados en 1997-2018, SCOPUS}",
	month = "August",
	year = "2018",
	url = "https://www.scopus.com"
}